@Misc{sla,
  author = 	 {Graaf, W. A. de},
  title = 	 {{\sf SLA} - computing with {S}imple {L}ie {A}lgebras},
  howpublished = {a {\sf GAP} package},
  year = 	 {2012},
  note = 	 {{\tt http://science.unitn.it/~degraaf/sla.html}, version 0.12}
}

@book{colmcgov,
    AUTHOR = {Collingwood, D. H. and McGovern, W. M.},
     TITLE = {Nilpotent orbits in semisimple {L}ie algebras},
    SERIES = {Van Nostrand Reinhold Mathematics Series},
 PUBLISHER = {Van Nostrand Reinhold Co.},
   ADDRESS = {New York},
      YEAR = {1993}
}



@Article{hdwdg12,
  author = 	 {Dietrich, H. and Graaf, W. A. de},
  title = 	 {A computational approach to the {K}ostant-{S}ekiguchi correspondence},
  JOURNAL = {Pacific Journal of Mathematics},
  VOLUME = {265},
  YEAR = {2013},
  PAGES = {349--379}
}

@Article{dfg12,
  author = 	 {Dietrich, H. and Faccin, P. and Graaf, W. A. de},
  title = 	 {Computing with real Lie algebras: real forms, Cartan decompositions, and Cartan subalgebras},
  JOURNAL = {Journal of Symbolic Computation},
  VOLUME = {56},
  YEAR = {2013},
  PAGES = {27--45}
}


@Article{dfg15,
  author = 	 {Dietrich, H. and Faccin, P. and Graaf, W. A. de},
  title = 	 {Regular subalgebras and nilpotent orbits of real graded Lie algebras},
  JOURNAL = {Journal of Algebra},
  VOLUME = {423},
  YEAR = {2015},
  PAGES = {1044--1079}
}

@book {knapp,
    AUTHOR = {Knapp, A. W.},
     TITLE = {Lie groups beyond an introduction},
    SERIES = {Progress in Mathematics},
    VOLUME = {140},
   EDITION = {Second},
 PUBLISHER = {Birkh\"auser Boston Inc.},
   ADDRESS = {Boston, MA},
      YEAR = {2002},
     PAGES = {xviii+812}
}

